2860 4770
655 383 750 478 (7)
838 317 843 326 η

287 571 689 746 1ΒΕΝῈνοΜ)
731 587 1035 714 ιΕὸΤοΒι.

158 900 299 1076 Cam
317 998 360 1074 ad
375 1002 661 1078 constituendum
686 1005 855 1082 Materiae
871 1008 1030 1083 medicae
1048 1011 1215 1084 Museum

153 1116 191 1190 in
217 1115 284 1190 hoc
311 1117 425 1219 Regio
454 1119 650 1212 Athenaeo,
678 1148 748 1194 non
774 1148 901 1221 parum
927 1125 1063 1200 laboris
1089 1151 1129 1198 ac
1156 1123 1210 1197 di·

151 1235 320 1336 ligentiae
345 1236 555 1312 contulerim
580 1265 647 1310 uua
674 1265 756 1312 eum
791 1267 873 1314 meo
899 1244 1085 1346 parente(
1112 1241 1210 1344 qnod

149 1351 365 1455 jampridem
391 1354 438 1440 ab
464 1353 588 1428 eodem
625 1353 738 1429 luerat
764 1356 967 1433 inchoatum
991 1373 1033 1458 );
1062 1381 1216 1459 eumque

43 1509 46 1514 ·
149 1471 196 1542 ab
222 1497 314 1542 anuo
348 1469 438 1544 1821
469 1471 580 1570 Regia
606 1471 853 1560 Auctoritate,
879 1474 933 1547 illi
959 1476 1109 1574 Adjutor
1136 1476 1216 1548 lue·

150 1588 221 1660 rim
247 1585 363 1678 datus,
390 1613 457 1660 non
496 1599 564 1676 est,
593 1587 742 1662 candide
773 1587 913 1681 tector,
955 1619 1018 1665 cur
1044 1591 1213 1680 mireris,

46 1731 54 1744 ¹
153 1709 184 1778 si
222 1703 317 1777 hunc
351 1703 559 1806 Catalogum
598 1706 664 1778 tibi
693 1705 910 1796 exhibeam,
939 1708 976 1781 in
1002 1735 1075 1810 quo
1115 1706 1209 1780 indi·
1310 1763 1312 1768 .

153 1845 244 1921 gene
270 1847 310 1892 ac
336 1823 500 1911 exotica,
546 1836 581 1896 et
616 1847 707 1922 quae
734 1836 815 1915 sunt
838 1823 971 1898 rariora
997 1826 1207 1926 significatu

151 1949 204 2028 ut,
231 1937 406 2038 quidquid

256 2071 309 2133 ,ἢ
342 2110 351 2132 .
380 2061 467 2156 apia
494 2056 670 2132 Matinae

253 2176 375 2264 More,
405 2174 605 2276 modoque,

152 2315 217 2390 per
240 2302 304 2361 no's
331 2288 489 2378 medicae
513 2293 707 2390 juventutis
735 2287 919 2363 commoda
960 2291 1210 2392 prospicientes

150 2409 258 2484 luerit
283 2408 488 2498 collectum,
518 2409 664 2483 minime
690 2408 891 2509 ignoretur.

249 2527 326 2602 Hoc
351 2528 463 2624 igitur
489 2525 610 2600 labore
626 2525 780 2622 amplam
799 2525 1028 2622 simplicium
1042 2551 1082 2598 ac
1097 2509 1213 2622 piae·

143 2660 371 2742 paratorum
399 2642 515 2744 Regni
553 2639 765 2742 vegetabilis
804 2642 1108 2715 enumerationem
1142 2639 1208 2713 tibi
1272 2683 1274 2690 ·

147 2761 285 2847 offer03
313 2786 395 2832 cum
420 2759 509 2832 haec
535 2787 636 2858 pars,
666 2761 735 2832 nisi
770 2784 829 2832 me
854 2757 944 2832 fallit
970 2760 1090 2860 opinio
1120 2817 1131 2852 ,
1163 2759 1212 2836 ad

149 2875 363 2952 umbilicum
391 2878 490 2972 prius
516 2879 560 2948 sit
585 2875 768 2974 perducta,
798 2902 904 2975 quarn
947 2902 1019 2968 ea,
1048 2903 1138 2976 quae
1165 2875 1211 2949 ad

149 2992 314 3068 animalia
342 3017 382 3064 ac
408 2991 591 3064 mineralia
618 2992 662 3064 ad
688 3005 801 3066 artem
827 2992 1002 3067 medicam
1017 2997 1124 3068 etiam
1153 3018 1209 3064 re-

149 3110 365 3211 spicientia,
393 3111 572 3210 pertinet3
600 3134 688 3208 quae
715 3109 803 3181 alius
830 3097 1047 3212 subsequens
1074 3109 1205 3183 catalo-

148 3257 216 3332 gus
241 3227 448 3330 propediem
474 3229 543 3302 tuis
568 3228 695 3317 oculis,
721 3227 845 3318 lector,
874 3230 987 3303 sistet.

251 3352 449 3450 Antequam
475 3373 559 3422 vero
585 3343 631 3417 ad
657 3344 744 3418 haec
771 3345 959 3445 pharmaca
997 3365 1210 3421 enumerari·

149 3461 191 3538 da
221 3454 387 3557 ueniam,
417 3491 436 3538 e
463 3491 500 3538 re
527 3491 604 3538 sum
630 3463 819 3538 arbitratus
846 3465 963 3566 aliqua
1002 3486 1208 3563 praemone-

150 3613 190 3662 re
214 3585 259 3660 de
284 3588 438 3676 ratione,
466 3611 573 3685 quam
600 3609 680 3656 sum
708 3599 940 3684 persequutus
965 3583 1001 3654 in
1030 3579 1135 3680 hujus
1163 3607 1202 3656 ca

146 3705 255 3806 talogi
280 3703 433 3795 ordine,
461 3719 497 3777 et
524 3701 690 3775 methodo
717 3727 833 3777 ameo
851 3717 993 3802 parente
1019 3701 1053 3773 iu
1082 3723 1206 3772 eorum

147 3827 289 3924 optione
313 3837 347 3896 et
372 3823 440 3896 sita
466 3823 686 3922 praestituta.
714 3821 840 3920 Neque
867 3819 905 3893 id
930 3819 1030 3893 aliter
1072 3817 1201 3930 melius

147 3945 223 4022 lieri
249 3967 354 4045 posse
379 3941 527 4043 putavi,
553 3967 659 4043 quam
684 3939 832 4078 sibene
866 3925 1027 4016 laborem
1052 3939 1089 4013 in
1113 3932 1204 4014 duos
