2828 4770
714 415 806 510 (⁸)

221 600 381 681 diversos
405 606 543 684 indices
568 607 827 708 disponerem,
854 605 918 708 qni
943 601 1028 680 licet
1052 603 1178 680 eadem
1203 627 1291 681 eon·

220 724 383 814 tineent,
411 721 458 800 de
483 725 593 798 modo
620 742 738 800 tamen
765 725 857 798 inter
882 748 918 796 se
960 721 1183 824 discrepent3
1225 723 1285 796 id·

222 865 292 939 que
317 867 401 915 vero
427 855 522 916 ratus
547 869 627 916 sum
645 841 759 944 magis
775 839 950 915 studiosae
966 841 1161 939 juventutis
1188 866 1288 916 com·

220 956 330 1028 modo
356 960 507 1048 cedere,
535 955 629 1032 unde
654 957 766 1031 facilis
793 971 827 1030 et
853 955 1019 1056 expedita
1062 955 1187 1031 fuisset
1228 982 1286 1030 res

220 1073 259 1146 in
286 1077 399 1150 titulis
423 1077 651 1176 simplicium
676 1077 927 1179 inquirendis.
957 1077 1100 1149 Primus
1136 1075 1284 1177 quidem

219 1191 409 1292 pharmaca
439 1195 588 1296 praefert
611 1197 708 1269 iuxta
740 1206 859 1298 partes
897 1219 917 1266 a
960 1193 1099 1267 medica
1139 1193 1282 1267 scientia

220 1314 430 1412 requisitas,
457 1315 549 1388 etin
574 1315 698 1388 Museo
736 1313 953 1404 distributas,
982 1313 1021 1386 in
1045 1339 1116 1414 quo
1135 1327 1187 1386 est
1213 1313 1282 1386 alia

220 1426 446 1520 subdivisio,
474 1445 579 1533 prout
604 1457 725 1506 earum
765 1431 950 1533 qualitates
973 1444 1152 1528 poscunt;
1181 1427 1281 1529 qnod

140 1601 144 1610 .
216 1539 379 1646 hicfieri·
402 1550 550 1622 minime
577 1549 708 1650 potuit,
737 1561 776 1621 ut
801 1574 865 1646 pro
906 1547 1033 1620 iisdem
1074 1545 1276 1622 substantiis

214 1663 454 1762 alphabeticus
481 1664 568 1740 ordo
594 1679 768 1740 annueret.
789 1665 950 1739 Alterum
975 1665 1133 1740 indicem
1147 1664 1193 1738 ad
1215 1667 1271 1738 in·

216 1799 287 1856 star
313 1784 454 1857 tabulae
476 1787 691 1877 comparavi,
717 1785 756 1856 in
785 1785 897 1857 trihus
921 1783 1097 1858 columnis
1123 1784 1278 1884 comple·

218 1913 375 1974 ctentern
405 1900 678 2003 pharmacorum
703 1901 934 2000 simplicium
952 1931 992 1976 ac
1018 1919 1276 2003 praeparato·

215 2041 300 2094 rum
325 2023 485 2111 nomina,
502 2019 625 2093 eadem
653 2022 826 2119 superiori
852 2020 1024 2096 methodo
1050 2023 1203 2122 digesta,
1232 2020 1278 2093 ab

218 2161 325 2235 opere
341 2137 387 2210 cl.
406 2136 566 2238 Murray‚
583 2138 641 2212 cui
654 2139 791 2212 titulus:
813 2139 1038 2244 Apparatus
1055 2140 1273 2212 medicami-

222 2277 313 2328 num
329 2267 417 2345 eto,
435 2279 569 2332 necnon
587 2255 633 2328 ab
652 2256 728 2329 aliis
747 2253 1039 2356 pharmacopoeis
1082 2283 1122 2330 ac
1153 2270 1276 2355 posto·

215 2373 369 2447 rioribus
385 2373 615 2474 scriptoribus
643 2388 814 2463 mutuatu3
844 2376 890 2447 ad
917 2401 1005 2474 quae
1022 2374 1198 2448 accedunt
1214 2397 1278 2448 vo·

217 2490 341 2564 cabula
359 2491 520 2564 butanica
549 2503 585 2564 ot
610 2495 763 2592 partium
789 2493 1003 2590 plantarum,
1018 2493 1149 2592 quibus
1167 2493 1274 2564 utitur

212 2631 268 2678 ars
286 2607 437 2682 medica.
456 2607 553 2680 Inter
574 2609 697 2680 endem
712 2620 794 2680 sunt
808 2609 913 2678 etiam
926 2622 1186 2707 praeparata3
1207 2605 1272 2680 hac

214 2736 335 2796 tamen
361 2721 472 2824 lege,
504 2736 540 2796 ut
565 2736 755 2824 sequantur
784 2749 924 2823 semper
949 2741 1096 2825 partes,
1133 2751 1154 2799 e
1195 2728 1278 2826 qui·

210 2838 278 2911 bus
306 2838 503 2912 eliciuntur.
534 2840 608 2914 Hac
635 2839 861 2939 dispositione
890 2845 958 2936 fit,
987 2859 1026 2916 ut
1051 2845 1194 2946 'cognito
1224 2843 1297 2950 οἲ-μ

212 2955 344 3028 fieinaii
373 2958 545 3046 nomine,
575 2960 692 3032 statim
719 2958 939 3062 intelligutur
966 2959 1104 3035 cuinam
1134 2962 1272 3064 plautae

209 3071 278 3146 hoc
305 3070 531 3171 respondeat,
559 3099 736 3173 quaenam
763 3079 838 3176 ejus
865 3104 943 3176 pars
960 3079 994 3150 in
1009 3081 1209 3152 Medicinae
1228 3079 1274 3152 sit

214 3214 309 3278 usu,
339 3203 373 3259 et
398 3217 489 3289 quae
515 3191 582 3264 siut
608 3211 850 3290 praeparatu
877 3195 921 3268 ab
946 3197 1069 3270 eadem
1087 3197 1249 3270 collecta.

320 3308 407 3382 Heic
433 3335 519 3383 vero
544 3337 615 3384 non
643 3327 696 3385 ost
723 3313 943 3388 reticendum
988 3319 1169 3416 complura
1208 3344 1271 3391 uo·

217 3427 314 3499 mina
341 3428 583 3502 remediorum
612 3457 685 3504 esse
725 3455 900 3522 erronea,
929 3435 1023 3534 quod
1050 3437 1272 3514 minimove·

207 3567 285 3618 rent
325 3543 539 3618 substantiae
579 3563 739 3620 naturum
771 3605 782 3638 ‚
811 3577 850 3622 ac
890 3552 1088 3650 plantarum
1131 3567 1270 3655 partem

175 3649 177 3654 ¹
209 3686 354 3761 prorsus
374 3663 590 3758 ostendant,
618 3671 669 3740 uti
695 3675 832 3768 gummi
859 3697 921 3767 pro
947 3678 1094 3759 resina,
1110 3674 1268 3772 fructus

208 3805 275 3881 pro
302 3783 520 3872 seminibus,
548 3786 701 3862 radices
727 3814 792 3887 pro
830 3789 984 3877 bulbis,
1027 3792 1093 3865 rel.
1124 3817 1134 3878 ;
1161 3806 1196 3863 at
1223 3811 1267 3862 ne

208 3900 274 3972 ista
300 3901 513 3975 inverterem
539 3907 576 3975 iu
604 3902 785 3998 officinis,
814 3922 848 3979 et
884 3908 1032 3981 medicis
1073 3907 1268 4010 praescrip·

205 4015 359 4094 tionibus
384 4028 454 4122 jam
480 4035 620 4122 recepta
646 4023 662 4125 (
688 4025 784 4127 quod
812 4025 1001 4127 optabilius
1033 4027 1157 4128 procul
1197 4027 1263 4101 du·
