2828 4770
344 567 473 658 ,neap
490 566 687 649 somdoeiurn
701 561 790 655 (Vid.
806 581 829 614 ¹·
941 563 1011 631 dein
1047 566 1166 634 cinereo
1186 601 1203 619 ·
1218 564 1338 634 lusce·

285 698 289 705 ·
392 697 425 743 n.
447 674 557 762 621.)
946 695 1044 741 scene.

266 781 342 855 626.
370 783 489 853 Tuber.
506 780 549 852 F.
582 803 585 808 ·
891 811 932 870 y.
952 781 1245 873 nigro-snbriolacea
1272 831 1283 849 .

268 897 346 962 Ver.
374 917 409 963 u.
435 896 537 981 nigra.
897 888 1163 975 urrunnun,
1200 889 1334 961 alliacea

375 1006 412 1091 β.
435 1002 536 1092 primo
572 997 730 1070 subalbida
755 997 774 1086 ,’
944 999 1005 1088 (a).

682 1219 955 1240 m

305 1345 579 1470 auruncus
594 1449 604 1483 ,
621 1389 890 1484 nonuuQua
911 1391 1275 1466 orranneurmu.

257 1614 439 1685 Pcduneult
731 1681 734 1692 ,
805 1614 987 1680 Tomentum

229 1732 232 1738 ·
258 1715 338 1809 627.
363 1716 563 1810 Carpophylli
581 1715 761 1825 aromat.(b)
804 1711 883 1782 631.
908 1713 1087 1786 Artemisiae
1110 1717 1237 1808 (Mona
1266 1713 1327 1784 Ja-

256 1821 337 1888 628.
362 1819 555 1895 Cerasornm.
947 1847 1021 1916 pon.
1039 1837 1069 1891 et
1091 1822 1307 1912 sinensium.)

256 1931 350 1994 Lana
655 2001 658 2016 Ι
729 1995 736 2006 ,
817 1925 896 1994 632.
920 1925 1204 2022 Echinop.(Moan
1217 1923 1328 2019 Hisp.)

256 2033 337 2123 629.
362 2029 505 2128 Gossypii
529 2031 719 2130 (Bombae).
814 2038 911 2102 Serae

262 2136 338 2204 630.
366 2139 519 2244 ideumaei.
815 2137 895 2207 653.
920 2137 1056 2235 Siliquae
1081 2138 1213 2210 hirsutae
1235 2142 1294 2234 (c).

349 2537 397 2626 (u)
420 2534 541 2603 Praeter
575 2537 631 2606 lios
655 2537 762 2628 fungos
797 2536 964 2607 medicinae
999 2541 1069 2606 usui
1101 2535 1319 2615 inservientes,
1402 2487 1405 2616 l

257 2644 426 2735 complures
449 2645 526 2727 alii,
570 2651 660 2714 etiam
685 2669 754 2712 cera
776 2645 816 2713 ad
838 2659 976 2713 naturam
1015 2647 1130 2729 efficti,
1166 2648 1198 2710 in
1234 2643 1320 2712 dicto

254 2751 364 2816 Museo
391 2768 600 2837 asservantur,
644 2781 776 2848 quorum
814 2758 951 2848 europeia
974 2754 1121 2823 studiosus
1149 2749 1253 2842 quales
1277 2754 1327 2817 in·

254 2857 363 2942 noxios
385 2906 394 2933 ‚
420 2855 524 2944 quales
556 2863 735 2951 perniciosor
759 2860 873 2928 discere
896 2873 1016 2952 potest3
1033 2863 1178 2926 cumhoc
1205 2857 1324 2942 ordine,
1402 2949 1403 2960 p

258 2975 289 3027 et
311 2969 438 3055 propriis
460 2969 637 3033 nominibus
658 2969 793 3058 insigniti
813 2972 904 3056 juxta
927 2967 1125 3036 Persoonium
1163 2968 1178 3056 (
1198 2971 1326 3057 Synop.
1402 3029 1403 3032 ,

254 3066 398 3136 Method.
424 3074 531 3166 ang.
557 3074 572 3161 )
598 3071 744 3166 ,dispositi
768 3075 841 3139 sint.
866 3071 1005 3139 Unicum
1029 3084 1146 3138 certum
1170 3076 1330 3140 criterium

252 3187 298 3272 est
318 3191 428 3247 exacta
451 3181 615 3270 fungorum
641 3193 858 3246 venenatorum
881 3183 992 3248 notitia
1014 3179 1173 3247 butanica.

346 3281 394 3371 (b)
416 3282 525 3351 Nostri
550 3286 717 3377 seplasiarii
740 3286 874 3351 venduut
897 3287 1018 3352 nominc
1041 3287 1163 3356 radicis
1202 3292 1329 3375 Corpo-

248 3389 426 3484 plryllorum
450 3393 636 3486 pedunculos
659 3395 773 3464 arboris
800 3387 1011 3483 Caryoplryllr'
1053 3399 1246 3476 aronrntici,
1273 3399 1330 3488 qui

255 3521 328 3566 vero
349 3549 358 3580 ‚
383 3498 474 3567 odore
497 3523 533 3567 ac
555 3523 662 3592 sapore
684 3503 756 3592 ipsis
784 3497 1013 3591 Coryoplryllis
1036 3498 1126 3594 louge
1149 3517 1250 3571 tamen
1273 3505 1330 3570 dc-

213 3633 214 3636 *
255 3602 390 3686 bilior-e,
414 3608 557 3697 gaudent.

349 3717 394 3804 (c)
417 3717 452 3780 ln
475 3721 584 3782 nostris
605 3716 730 3789 officinis
751 3735 849 3808 nuper
870 3715 1080 3806 hujuscemodi
1100 3714 1259 3807 leguminis
1273 3744 1329 3787 sc·

255 3835 306 3888 tae
322 3844 388 3914 pro
412 3845 468 3888 usu
492 3822 611 3888 medico
635 3839 771 3921 receptae
805 3810 914 3910 suot.
935 3846 1013 3912 quae
1053 3821 1171 3912 vulgari
1207 3847 1327 3916 syrupo

254 3932 434 3999 commixtae
458 3934 495 3999 ad
520 3958 700 4033 compagem
737 3936 893 4004 electuarii
917 3933 1026 4025 liquidi
1062 3946 1171 4002 contra
1208 3955 1324 4002 uermes

252 4035 433 4104 liutestiuales
456 4041 645 4111 adhibentur.
