2828 4770
700 429 841 520 tta)

251 614 326 710 ejus
343 635 474 686 nomen
492 612 537 686 ita
556 614 837 695 inscribendum:
857 621 1135 696 Barraocont'ins
1150 625 1314 699 Marma

252 723 442 811 Venusinus,
467 755 501 798 ru
535 755 825 806 cuonoscsuuonma
847 758 1052 806 sruanrcrmr
1073 758 1223 804 mnenon
1246 763 1314 804 aar·

246 869 329 916 nos:
355 863 445 937 quae
471 842 590 915 omnia
616 843 764 942 quidem
789 859 824 920 et
849 845 1023 920 scientiae
1040 856 1075 916 et
1089 843 1169 916 loco
1189 841 1311 918 lumen

247 979 287 1028 ac
313 954 523 1060 elegantium
550 961 762 1064 adjungunt.

348 1075 481 1150 Eadem
508 1105 610 1170 cera,
638 1108 705 1154 nec
731 1099 825 1158 certe
848 1083 979 1184 absque
1004 1082 1151 1181 praevio
1192 1085 1308 1158 consi-

243 1186 324 1282 lio,
353 1195 523 1294 quaedum
552 1197 618 1271 alia
646 1200 782 1298 objecta
809 1201 959 1300 exprimi
986 1201 1222 1274 necessarium
1249 1203 1304 1275 vi·

241 1337 322 1383 sum
347 1326 401 1386 cst
424 1313 441 1416 (
467 1342 558 1416 quae
579 1319 703 1393 initiali
731 1321 845 1394 littera
871 1321 916 1412 F,
943 1345 993 1394 sc.
1000 1315 1178 1422 factitia,
1199 1319 1233 1390 io
1251 1321 1306 1392 in-

241 1426 328 1501 dice.
336 1431 517 1533 signantur
531 1437 561 1537 ),
580 1436 630 1511 uti
642 1437 941 1542 si·uctus,fungi,
961 1452 1168 1541 caeteraque
1181 1436 1302 1536 hujus·

236 1550 338 1622 modi
358 1581 367 1642 3
389 1581 469 1628 nem
495 1555 555 1629 dio
581 1558 718 1658 integra
743 1561 873 1633 serrari
899 1557 996 1632 nullo
1014 1556 1122 1632 modo
1138 1569 1295 1658 possunt,

239 1668 370 1767 quippe
397 1697 486 1770 quae
512 1688 571 1746 aot
596 1689 760 1773 corrupta
788 1675 1005 1763 evaderent,
1045 1688 1106 1746 aot
1131 1676 1326 1754 exsiccata.

238 1785 420 1874 pristinam
446 1789 596 1864 formam
623 1794 773 1865 minime
812 1793 1033 1884 retinerent,
1063 1805 1102 1864 ut
1128 1789 1304 1894 quotidia-

236 1906 291 1976 nis
323 1911 485 2004 practicis
519 1910 813 2009 praelectionibus
849 1911 897 1985 ob
928 1910 1050 1984 oculos
1074 1909 1304 2002 haberentur,

238 2033 272 2093 et
298 2018 471 2098 studiosae
497 2032 670 2129 juventuti
696 2043 834 2129 praesto
859 2032 959 2105 omui
985 2044 1145 2128 tempore
1169 2025 1302 2116 forent,

231 2169 322 2243 quae
349 2147 497 2242 quidem
521 2173 565 2222 ex
596 2151 745 2222 naturali
762 2175 856 2248 penu
897 2149 943 2223 ad
968 2147 1150 2226 medicum
1187 2168 1297 2218 usum

235 2264 271 2332 in
297 2261 456 2363 qualibet
486 2268 565 2338 anni
590 2279 703 2338 aetate
730 2265 912 2368 seligenda
941 2280 1035 2340 sunt.
1065 2265 1117 2337 lta
1143 2287 1226 2336 sane
1243 2260 1298 2334 iu·

226 2393 347 2454 torum
372 2408 491 2483 spero,
510 2397 550 2456 ut
575 2409 699 2458 omues
728 2386 955 2460 eliminentur
980 2388 1015 2460 in
1042 2383 1107 2456 hac
1133 2405 1172 2455 re
1202 2405 1305 2454 erro*

229 2523 319 2586 res,
344 2526 496 2598 qnorum
522 2499 591 2574 late
617 2513 714 2603 patet
738 2501 966 2600 amplitudo;
1006 2528 1046 2573 ac
1073 2497 1294 2570 difficultates

229 2617 417 2704 tollantur,
436 2644 526 2718 quae
552 2621 707 2691 muitum
723 2618 860 2716 negotii
882 2618 1056 2718 imperitis
1073 2630 1168 2687 certe
1183 2613 1293 2687 faces·

230 2749 378 2824 serent,
407 2760 473 2808 non
501 2760 608 2834 parvo
635 2735 765 2808 misere
782 2733 1041 2835 aegrotantium
1057 2731 1303 2832 detrimento„

238 2915 240 2920 .
326 2850 423 2926 Illud
450 2852 594 2927 tandem
618 2850 814 2926 dicendum
840 2850 927 2924 mihi
954 2862 1122 2950 superest,
1141 2847 1290 2938 scilicet,

224 2971 254 3045 si
280 2973 318 3046 in
344 2971 588 3045 concinnando
613 2971 681 3044 hoc
710 2972 870 3072 catalogo
898 2969 1041 3070 longios
1081 2959 1288 3068 progressus
1357 3037 1361 3045 Δ

224 3098 308 3181 sim,
332 3091 371 3164 id
397 3117 478 3164 sane
504 3089 653 3180 iactum,
683 3104 722 3164 ut
749 3117 819 3164 noo
837 3089 968 3182 solum,
998 3113 1086 3189 qnae
1103 3091 1141 3159 in
1164 3087 1292 3159 Museo

222 3225 391 3310 congesta
418 3224 512 3301 sunt,
530 3210 811 3312 proterrem35cd
828 3211 1053 3309 potissimum
1079 3217 1119 3278 nt
1142 3230 1179 3278 se
1206 3202 1292 3278 huic

220 3329 428 3428 disciplinae
453 3329 591 3404 traditis
628 3329 879 3404 Euchiridr'on
918 3325 1291 3426 pharmacologicum

221 3449 443 3542 praeberem,
462 3477 535 3552 quo
561 3449 696 3523 facilins
723 3449 831 3550 possit
857 3445 941 3520 huic
958 3481 1043 3529 κατα
1066 3441 1196 3552 repugna
1214 3457 1288 3516 stu·

220 3565 279 3638 dio
307 3591 450 3666 opernm
478 3593 634 3640 navare·
663 3567 772 3639 Modo
800 3567 909 3664 igitur
936 3563 1070 3651 habes,
1114 3558 1287 3634 benevole

217 3683 361 3776 Lector,
389 3685 483 3780 hunc
510 3686 669 3759 laborem
696 3682 805 3758 veluti
819 3683 997 3780 specimen
1025 3677 1221 3781 quoddam,
1252 3687 1288 3747 et
1320 3715 1326 3722 -

217 3804 391 3898 primitias
417 3829 522 3876 meae
549 3803 765 3891 industriae;
791 3799 887 3901 quod
913 3800 938 3874 si
966 3799 1100 3874 DEUS
1128 3799 1285 3888 faverit,

214 3935 384 4021 quantam
402 3926 531 4028 ingenii
549 3927 618 3998 mei
632 3925 723 3996 vires
738 3924 928 4022 patientur,
946 3920 1149 4032 animalium
1161 3943 1200 3990 ac
1212 3917 1278 3988 mi·

207 4041 381 4118 ncraliom
395 4043 503 4120 etiam
517 4045 817 4120 enumerationem
834 4040 900 4116 tibi
917 4064 1091 4140 exponere
1105 4035 1276 4114 conabor.
