<?xml version="1.0" encoding="UTF-8"?>
<!DOCTYPE html PUBLIC "-//W3C//DTD XHTML 1.0 Transitional//EN"
    "http://www.w3.org/TR/xhtml1/DTD/xhtml1-transitional.dtd">
<html xmlns="http://www.w3.org/1999/xhtml" xml:lang="en" lang="en">
 <head>
  <title>
</title>
<meta http-equiv="Content-Type" content="text/html;charset=utf-8" />
  <meta name='ocr-system' content='tesseract 3.04.00' />
  <meta name='ocr-capabilities' content='ocr_page ocr_carea ocr_par ocr_line ocrx_word'/>
</head>
<body>
  <div class='ocr_page' id='page_1' title='image "./catalogussimpli00univgoog_0019.png"; bbox 0 0 2828 4770; ppageno 0'>
   <div class='ocr_carea' id='block_1_1' title="bbox 759 435 872 524">
    <p class='ocr_par' dir='ltr' id='par_1_1' title="bbox 759 435 872 524">
     <span class='ocr_line' id='line_1_1' title="bbox 759 435 872 524; baseline 0.018 -2"><span class='ocrx_word' id='word_1_1' title='bbox 759 435 872 524; x_wconf 85' lang='lat'>(¹⁰)</span> 
     </span>
    </p>
   </div>
   <div class='ocr_carea' id='block_1_2' title="bbox 262 612 1372 1077">
    <p class='ocr_par' dir='ltr' id='par_1_2' title="bbox 262 612 1372 1077">
     <span class='ocr_line' id='line_1_2' title="bbox 267 612 1372 726; baseline 0.009 -34"><span class='ocrx_word' id='word_1_2' title='bbox 267 612 446 694; x_wconf 84' lang='lat' dir='ltr'><strong>Seriolne</strong></span> <span class='ocrx_word' id='word_1_3' title='bbox 471 617 687 698; x_wconf 77' lang='lat' dir='ltr'><strong>aethnensis</strong></span> <span class='ocrx_word' id='word_1_4' title='bbox 712 651 775 726; x_wconf 90' lang='lat' dir='ltr'><strong>pro</strong></span> <span class='ocrx_word' id='word_1_5' title='bbox 802 625 950 700; x_wconf 84' lang='lat' dir='ltr'><strong>floribus</strong></span> <span class='ocrx_word' id='word_1_6' title='bbox 976 627 1148 702; x_wconf 80' lang='lat' dir='ltr'><strong>Aruinae</strong></span> <span class='ocrx_word' id='word_1_7' title='bbox 1174 638 1333 701; x_wconf 75' lang='lat' dir='ltr'><strong>monta·</strong></span> <span class='ocrx_word' id='word_1_8' title='bbox 1371 630 1372 634; x_wconf 71' lang='grc'>’</span> 
     </span>
     <span class='ocr_line' id='line_1_3' title="bbox 272 737 1329 847; baseline 0.008 -37"><span class='ocrx_word' id='word_1_9' title='bbox 272 759 365 827; x_wconf 80' lang='lat' dir='ltr'><strong>nae,</strong></span> <span class='ocrx_word' id='word_1_10' title='bbox 381 737 480 814; x_wconf 84' lang='lat' dir='ltr'>radix</span> <span class='ocrx_word' id='word_1_11' title='bbox 505 743 697 847; x_wconf 85' lang='lat' dir='ltr'><strong>Polygoni</strong></span> <span class='ocrx_word' id='word_1_12' title='bbox 723 743 937 819; x_wconf 73' lang='lat' dir='ltr'><strong>ovicularis</strong></span> <span class='ocrx_word' id='word_1_13' title='bbox 945 771 1008 844; x_wconf 90' lang='lat' dir='ltr'><strong>pro</strong></span> <span class='ocrx_word' id='word_1_14' title='bbox 1021 744 1138 818; x_wconf 79' lang='lat' dir='ltr'><strong>radice</strong></span> <span class='ocrx_word' id='word_1_15' title='bbox 1155 745 1329 844; x_wconf 77' lang='lat' dir='ltr'><strong>Polygn-</strong></span> 
     </span>
     <span class='ocr_line' id='line_1_4' title="bbox 270 851 1326 962; baseline 0.011 -39"><span class='ocrx_word' id='word_1_16' title='bbox 270 851 334 924; x_wconf 88' lang='lat' dir='ltr'><strong>Iae</strong></span> <span class='ocrx_word' id='word_1_17' title='bbox 360 858 565 954; x_wconf 79' lang='lat' dir='ltr'><strong>vulgaris,</strong></span> <span class='ocrx_word' id='word_1_18' title='bbox 593 875 691 937; x_wconf 79' lang='lat' dir='ltr'><strong>ete:</strong></span> <span class='ocrx_word' id='word_1_19' title='bbox 720 889 760 935; x_wconf 88' lang='lat' dir='ltr'><strong>ac</strong></span> <span class='ocrx_word' id='word_1_20' title='bbox 787 860 890 935; x_wconf 91' lang='lat' dir='ltr'><strong>simul</strong></span> <span class='ocrx_word' id='word_1_21' title='bbox 929 859 1063 962; x_wconf 75' lang='lat' dir='ltr'><strong>duplici</strong></span> <span class='ocrx_word' id='word_1_22' title='bbox 1088 861 1252 936; x_wconf 89' lang='lat' dir='ltr'><strong>asterisco</strong></span> <span class='ocrx_word' id='word_1_23' title='bbox 1279 855 1326 894; x_wconf 77' lang='lat'><strong>**</strong></span> 
     </span>
     <span class='ocr_line' id='line_1_5' title="bbox 262 966 1326 1077; baseline 0.009 -40"><span class='ocrx_word' id='word_1_24' title='bbox 262 966 480 1068; x_wconf 73' lang='lat' dir='ltr'><strong>distinguere</strong></span> <span class='ocrx_word' id='word_1_25' title='bbox 504 1000 609 1046; x_wconf 83' lang='lat' dir='ltr'><strong>curae</strong></span> <span class='ocrx_word' id='word_1_26' title='bbox 633 977 700 1048; x_wconf 84' lang='lat' dir='ltr'><strong>luit</strong></span> <span class='ocrx_word' id='word_1_27' title='bbox 719 987 840 1051; x_wconf 87' lang='lat' dir='ltr'><strong>omnes</strong></span> <span class='ocrx_word' id='word_1_28' title='bbox 858 979 1012 1050; x_wconf 84' lang='lat' dir='ltr'><strong>exoticas</strong></span> <span class='ocrx_word' id='word_1_29' title='bbox 1026 978 1163 1077; x_wconf 83' lang='lat' dir='ltr'><strong>stirpes,</strong></span> <span class='ocrx_word' id='word_1_30' title='bbox 1185 988 1326 1077; x_wconf 89' lang='lat' dir='ltr'><strong>praeter</strong></span> 
     </span>
    </p>
   </div>
   <div class='ocr_carea' id='block_1_3' title="bbox 266 1084 1327 1298">
    <p class='ocr_par' dir='ltr' id='par_1_3' title="bbox 266 1084 1327 1298">
     <span class='ocr_line' id='line_1_6' title="bbox 270 1084 1325 1194; baseline 0.008 -38"><span class='ocrx_word' id='word_1_31' title='bbox 270 1084 349 1156; x_wconf 89' lang='lat' dir='ltr'><strong>illas</strong></span> <span class='ocrx_word' id='word_1_32' title='bbox 376 1088 409 1160; x_wconf 93' lang='lat' dir='ltr'><strong>in</strong></span> <span class='ocrx_word' id='word_1_33' title='bbox 438 1094 562 1166; x_wconf 89' lang='lat' dir='ltr'><strong>nostris</strong></span> <span class='ocrx_word' id='word_1_34' title='bbox 589 1093 699 1168; x_wconf 80' lang='lat' dir='ltr'><strong>bortis</strong></span> <span class='ocrx_word' id='word_1_35' title='bbox 725 1094 953 1194; x_wconf 77' lang='lat' dir='ltr'><strong>hospitantes,</strong></span> <span class='ocrx_word' id='word_1_36' title='bbox 967 1117 1057 1194; x_wconf 90' lang='lat' dir='ltr'><strong>quae</strong></span> <span class='ocrx_word' id='word_1_37' title='bbox 1081 1095 1215 1167; x_wconf 77' lang='lat' dir='ltr'><strong>unico*</strong></span> <span class='ocrx_word' id='word_1_38' title='bbox 1242 1105 1325 1166; x_wconf 85' lang='lat' dir='ltr'><strong>sunt</strong></span> 
     </span>
     <span class='ocr_line' id='line_1_7' title="bbox 266 1195 1327 1298; baseline 0.009 -40"><span class='ocrx_word' id='word_1_39' title='bbox 266 1199 434 1281; x_wconf 87' lang='lat' dir='ltr'><strong>notatae,</strong></span> <span class='ocrx_word' id='word_1_40' title='bbox 464 1219 543 1266; x_wconf 87' lang='lat' dir='ltr'><strong>narn</strong></span> <span class='ocrx_word' id='word_1_41' title='bbox 570 1195 755 1298; x_wconf 81' lang='lat' dir='ltr'>indigenae</span> <span class='ocrx_word' id='word_1_42' title='bbox 781 1197 878 1270; x_wconf 91' lang='lat' dir='ltr'><strong>nullu</strong></span> <span class='ocrx_word' id='word_1_43' title='bbox 905 1198 1007 1292; x_wconf 84' lang='lat' dir='ltr'><strong>siguo</strong></span> <span class='ocrx_word' id='word_1_44' title='bbox 1049 1209 1256 1270; x_wconf 88' lang='lat' dir='ltr'><strong>occurrunt:</strong></span> <span class='ocrx_word' id='word_1_45' title='bbox 1285 1207 1327 1268; x_wconf 88' lang='lat' dir='ltr'><strong>ut</strong></span> 
     </span>
    </p>
   </div>
   <div class='ocr_carea' id='block_1_4' title="bbox 248 1303 1409 4004">
    <p class='ocr_par' dir='ltr' id='par_1_4' title="bbox 264 1303 1328 1620">
     <span class='ocr_line' id='line_1_8' title="bbox 265 1303 1327 1416; baseline 0.009 -42"><span class='ocrx_word' id='word_1_46' title='bbox 265 1303 392 1379; x_wconf 81' lang='lat' dir='ltr'><strong>sciatur</strong></span> <span class='ocrx_word' id='word_1_47' title='bbox 430 1309 519 1410; x_wconf 93' lang='lat' dir='ltr'><strong>quid</strong></span> <span class='ocrx_word' id='word_1_48' title='bbox 544 1329 696 1411; x_wconf 86' lang='lat' dir='ltr'><strong>sponte,</strong></span> <span class='ocrx_word' id='word_1_49' title='bbox 720 1316 807 1416; x_wconf 91' lang='lat' dir='ltr'><strong>quid</strong></span> <span class='ocrx_word' id='word_1_50' title='bbox 834 1314 967 1388; x_wconf 89' lang='lat' dir='ltr'><strong>cultum</strong></span> <span class='ocrx_word' id='word_1_51' title='bbox 992 1311 1085 1414; x_wconf 90' lang='lat' dir='ltr'><strong>apud</strong></span> <span class='ocrx_word' id='word_1_52' title='bbox 1111 1339 1174 1386; x_wconf 86' lang='lat' dir='ltr'><strong>nos</strong></span> <span class='ocrx_word' id='word_1_53' title='bbox 1199 1336 1327 1414; x_wconf 85' lang='lat' dir='ltr'><strong>prouc-</strong></span> 
     </span>
     <span class='ocr_line' id='line_1_9' title="bbox 264 1419 1328 1534; baseline 0.01 -43"><span class='ocrx_word' id='word_1_54' title='bbox 264 1419 364 1513; x_wconf 86' lang='lat' dir='ltr'><strong>niet,</strong></span> <span class='ocrx_word' id='word_1_55' title='bbox 392 1441 428 1499; x_wconf 86' lang='lat' dir='ltr'><strong>et</strong></span> <span class='ocrx_word' id='word_1_56' title='bbox 452 1453 624 1530; x_wconf 80' lang='lat' dir='ltr'><strong>quaenam</strong></span> <span class='ocrx_word' id='word_1_57' title='bbox 650 1430 837 1534; x_wconf 87' lang='lat' dir='ltr'><strong>pharmaca</strong></span> <span class='ocrx_word' id='word_1_58' title='bbox 862 1459 882 1506; x_wconf 90' lang='lat' dir='ltr'><strong>a</strong></span> <span class='ocrx_word' id='word_1_59' title='bbox 913 1430 1042 1505; x_wconf 89' lang='lat' dir='ltr'><strong>dissitis</strong></span> <span class='ocrx_word' id='word_1_60' title='bbox 1076 1431 1177 1506; x_wconf 88' lang='lat' dir='ltr'><strong>terris</strong></span> <span class='ocrx_word' id='word_1_61' title='bbox 1218 1427 1328 1504; x_wconf 88' lang='lat' dir='ltr'><strong>adve-</strong></span> 
     </span>
     <span class='ocr_line' id='line_1_10' title="bbox 266 1535 412 1620; baseline 0.041 -6"><span class='ocrx_word' id='word_1_62' title='bbox 266 1535 412 1620; x_wconf 84' lang='lat' dir='ltr'><strong>huntur.</strong></span> 
     </span>
    </p>

    <p class='ocr_par' dir='ltr' id='par_1_5' title="bbox 249 1664 1330 3049">
     <span class='ocr_line' id='line_1_11' title="bbox 366 1664 1317 1765; baseline 0.004 -29"><span class='ocrx_word' id='word_1_63' title='bbox 366 1665 474 1758; x_wconf 91' lang='lat' dir='ltr'><strong>Quod</strong></span> <span class='ocrx_word' id='word_1_64' title='bbox 499 1682 616 1744; x_wconf 90' lang='lat' dir='ltr'><strong>autem</strong></span> <span class='ocrx_word' id='word_1_65' title='bbox 644 1669 689 1742; x_wconf 94' lang='lat' dir='ltr'><strong>ad</strong></span> <span class='ocrx_word' id='word_1_66' title='bbox 717 1667 997 1744; x_wconf 78' lang='lat' dir='ltr'><strong>medicaminum</strong></span> <span class='ocrx_word' id='word_1_67' title='bbox 1019 1664 1317 1765; x_wconf 83' lang='lat' dir='ltr'><strong>dispositionem,</strong></span> 
     </span>
     <span class='ocr_line' id='line_1_12' title="bbox 264 1776 1322 1883; baseline 0.008 -39"><span class='ocrx_word' id='word_1_68' title='bbox 264 1776 413 1868; x_wconf 82' lang='lat' dir='ltr'><strong>attinet,</strong></span> <span class='ocrx_word' id='word_1_69' title='bbox 441 1781 525 1858; x_wconf 91' lang='lat' dir='ltr'><strong>baec</strong></span> <span class='ocrx_word' id='word_1_70' title='bbox 551 1788 699 1860; x_wconf 83' lang='lat' dir='ltr'><strong>totidem</strong></span> <span class='ocrx_word' id='word_1_71' title='bbox 726 1783 883 1859; x_wconf 90' lang='lat' dir='ltr'><strong>armariis</strong></span> <span class='ocrx_word' id='word_1_72' title='bbox 909 1796 1157 1874; x_wconf 66' lang='lat' dir='ltr'><strong>reservantur,</strong></span> <span class='ocrx_word' id='word_1_73' title='bbox 1182 1806 1322 1883; x_wconf 85' lang='lat' dir='ltr'><strong>praese-</strong></span> 
     </span>
     <span class='ocr_line' id='line_1_13' title="bbox 258 1889 1322 2004; baseline 0.015 -42"><span class='ocrx_word' id='word_1_74' title='bbox 258 1889 451 1973; x_wconf 83' lang='lat' dir='ltr'><strong>ferentibus</strong></span> <span class='ocrx_word' id='word_1_75' title='bbox 478 1961 488 1993; x_wconf 85' lang='lat'><strong>‚</strong></span> <span class='ocrx_word' id='word_1_76' title='bbox 518 1921 655 2004; x_wconf 88' lang='lat' dir='ltr'><strong>praeter</strong></span> <span class='ocrx_word' id='word_1_77' title='bbox 679 1908 813 1980; x_wconf 86' lang='lat' dir='ltr'><strong>ordinis</strong></span> <span class='ocrx_word' id='word_1_78' title='bbox 838 1915 1065 1993; x_wconf 86' lang='lat' dir='ltr'><strong>numerum,</strong></span> <span class='ocrx_word' id='word_1_79' title='bbox 1093 1917 1283 2000; x_wconf 68' lang='grc' dir='ltr'>επιγραφην</span> <span class='ocrx_word' id='word_1_80' title='bbox 1310 1953 1322 1991; x_wconf 88' lang='grc'><strong><em>,</em></strong></span> 
     </span>
     <span class='ocr_line' id='line_1_14' title="bbox 260 2015 1329 2105; baseline 0.006 -23"><span class='ocrx_word' id='word_1_81' title='bbox 260 2019 300 2081; x_wconf 80' lang='lat' dir='ltr'><strong>ul</strong></span> <span class='ocrx_word' id='word_1_82' title='bbox 326 2017 485 2100; x_wconf 82' lang='lat' dir='ltr'><strong>Ramnes,</strong></span> <span class='ocrx_word' id='word_1_83' title='bbox 511 2023 848 2105; x_wconf 71' lang='lat' dir='ltr'><strong>coarrcrs‚L1ear‚</strong></span> <span class='ocrx_word' id='word_1_84' title='bbox 874 2032 943 2092; x_wconf 87' lang='lat' dir='ltr'><strong>etc.</strong></span> <span class='ocrx_word' id='word_1_85' title='bbox 972 2043 1104 2092; x_wconf 90' lang='lat' dir='ltr'><strong>nomen</strong></span> <span class='ocrx_word' id='word_1_86' title='bbox 1132 2015 1267 2088; x_wconf 87' lang='lat' dir='ltr'><strong>scillcet</strong></span> <span class='ocrx_word' id='word_1_87' title='bbox 1283 2018 1329 2088; x_wconf 90' lang='lat' dir='ltr'><strong>il·</strong></span> 
     </span>
     <span class='ocr_line' id='line_1_15' title="bbox 259 2123 1330 2237; baseline 0.007 -40"><span class='ocrx_word' id='word_1_88' title='bbox 259 2123 373 2200; x_wconf 83' lang='lat' dir='ltr'><strong>lerum</strong></span> <span class='ocrx_word' id='word_1_89' title='bbox 400 2133 553 2224; x_wconf 89' lang='lat' dir='ltr'><strong>partium</strong></span> <span class='ocrx_word' id='word_1_90' title='bbox 580 2131 775 2232; x_wconf 89' lang='lat' dir='ltr'><strong>plantarum</strong></span> <span class='ocrx_word' id='word_1_91' title='bbox 802 2138 989 2237; x_wconf 78' lang='lat' dir='ltr'><strong>signante,</strong></span> <span class='ocrx_word' id='word_1_92' title='bbox 1017 2135 1168 2237; x_wconf 88' lang='lat' dir='ltr'><strong>quaein</strong></span> <span class='ocrx_word' id='word_1_93' title='bbox 1196 2133 1330 2205; x_wconf 89' lang='lat' dir='ltr'><strong>eisin-</strong></span> 
     </span>
     <span class='ocr_line' id='line_1_16' title="bbox 262 2247 1324 2354; baseline 0.003 -36"><span class='ocrx_word' id='word_1_94' title='bbox 262 2261 356 2330; x_wconf 78' lang='lat' dir='ltr'><strong>sunt.</strong></span> <span class='ocrx_word' id='word_1_95' title='bbox 386 2247 629 2350; x_wconf 89' lang='lat' dir='ltr'><strong>Unaquaeque</strong></span> <span class='ocrx_word' id='word_1_96' title='bbox 655 2279 740 2332; x_wconf 84' lang='lat' dir='ltr'><strong>vero</strong></span> <span class='ocrx_word' id='word_1_97' title='bbox 767 2251 961 2332; x_wconf 81' lang='lat' dir='ltr'><strong>substantia</strong></span> <span class='ocrx_word' id='word_1_98' title='bbox 988 2267 1047 2328; x_wconf 75' lang='lat' dir='ltr'><strong>evat</strong></span> <span class='ocrx_word' id='word_1_99' title='bbox 1085 2253 1216 2354; x_wconf 83' lang='lat' dir='ltr'><strong>ligneis</strong></span> <span class='ocrx_word' id='word_1_100' title='bbox 1241 2277 1324 2348; x_wconf 85' lang='lat' dir='ltr'><strong>cap·</strong></span> 
     </span>
     <span class='ocr_line' id='line_1_17' title="bbox 261 2362 1324 2468; baseline 0.004 -35"><span class='ocrx_word' id='word_1_101' title='bbox 261 2362 371 2456; x_wconf 88' lang='lat' dir='ltr'><strong>sulis,</strong></span> <span class='ocrx_word' id='word_1_102' title='bbox 399 2380 459 2439; x_wconf 89' lang='lat' dir='ltr'><strong>aut</strong></span> <span class='ocrx_word' id='word_1_103' title='bbox 480 2365 695 2468; x_wconf 76' lang='lat' dir='ltr'><strong>&#39;crystallinis</strong></span> <span class='ocrx_word' id='word_1_104' title='bbox 721 2371 871 2445; x_wconf 89' lang='lat' dir='ltr'><strong>vasculis</strong></span> <span class='ocrx_word' id='word_1_105' title='bbox 885 2371 1122 2460; x_wconf 86' lang='lat' dir='ltr'><strong>concluditur,</strong></span> <span class='ocrx_word' id='word_1_106' title='bbox 1140 2370 1200 2442; x_wconf 93' lang='lat' dir='ltr'><strong>nbi</strong></span> <span class='ocrx_word' id='word_1_107' title='bbox 1217 2375 1324 2466; x_wconf 81' lang='lat' dir='ltr'><strong>prae·</strong></span> 
     </span>
     <span class='ocr_line' id='line_1_18' title="bbox 259 2481 1321 2580; baseline -0.002 -26"><span class='ocrx_word' id='word_1_108' title='bbox 259 2481 362 2580; x_wconf 83' lang='lat' dir='ltr'><strong>cipue</strong></span> <span class='ocrx_word' id='word_1_109' title='bbox 386 2501 606 2560; x_wconf 88' lang='lat' dir='ltr'><strong>asservantur</strong></span> <span class='ocrx_word' id='word_1_110' title='bbox 631 2488 799 2561; x_wconf 88' lang='lat' dir='ltr'><strong>odoribus</strong></span> <span class='ocrx_word' id='word_1_111' title='bbox 827 2503 1007 2576; x_wconf 89' lang='lat' dir='ltr'><strong>scateotes;</strong></span> <span class='ocrx_word' id='word_1_112' title='bbox 1034 2515 1078 2560; x_wconf 89' lang='lat' dir='ltr'><strong>ne</strong></span> <span class='ocrx_word' id='word_1_113' title='bbox 1104 2486 1168 2558; x_wconf 90' lang='lat' dir='ltr'><strong>alia</strong></span> <span class='ocrx_word' id='word_1_114' title='bbox 1211 2482 1321 2553; x_wconf 88' lang='lat' dir='ltr'><strong>aliam</strong></span> 
     </span>
     <span class='ocr_line' id='line_1_19' title="bbox 249 2594 1319 2703; baseline -0.002 -33"><span class='ocrx_word' id='word_1_115' title='bbox 249 2594 406 2670; x_wconf 84' lang='lat' dir='ltr'><strong>inliciat.</strong></span> <span class='ocrx_word' id='word_1_116' title='bbox 436 2601 579 2698; x_wconf 86' lang='lat' dir='ltr'><strong>Singula</strong></span> <span class='ocrx_word' id='word_1_117' title='bbox 606 2629 686 2676; x_wconf 84' lang='lat' dir='ltr'><strong>vasa</strong></span> <span class='ocrx_word' id='word_1_118' title='bbox 713 2604 806 2678; x_wconf 90' lang='lat' dir='ltr'><strong>illius</strong></span> <span class='ocrx_word' id='word_1_119' title='bbox 833 2604 1040 2703; x_wconf 83' lang='lat' dir='ltr'><strong>pharmaci,</strong></span> <span class='ocrx_word' id='word_1_120' title='bbox 1069 2599 1163 2702; x_wconf 93' lang='lat' dir='ltr'><strong>quod</strong></span> <span class='ocrx_word' id='word_1_121' title='bbox 1200 2614 1319 2670; x_wconf 90' lang='lat' dir='ltr'><strong>custo·</strong></span> 
     </span>
     <span class='ocr_line' id='line_1_20' title="bbox 257 2713 1322 2803; baseline -0.008 -9"><span class='ocrx_word' id='word_1_122' title='bbox 257 2713 369 2803; x_wconf 81' lang='lat' dir='ltr'><strong>diunt,</strong></span> <span class='ocrx_word' id='word_1_123' title='bbox 396 2722 546 2792; x_wconf 91' lang='lat' dir='ltr'><strong>nominis</strong></span> <span class='ocrx_word' id='word_1_124' title='bbox 571 2717 749 2795; x_wconf 87' lang='lat' dir='ltr'><strong>officinalis</strong></span> <span class='ocrx_word' id='word_1_125' title='bbox 772 2723 881 2795; x_wconf 81' lang='lat' dir='ltr'><strong>tituto</strong></span> <span class='ocrx_word' id='word_1_126' title='bbox 914 2720 1028 2794; x_wconf 88' lang='lat' dir='ltr'><strong>eutice</strong></span> <span class='ocrx_word' id='word_1_127' title='bbox 1069 2732 1154 2792; x_wconf 89' lang='lat' dir='ltr'><strong>sunt</strong></span> <span class='ocrx_word' id='word_1_128' title='bbox 1193 2715 1322 2790; x_wconf 89' lang='lat' dir='ltr'><strong>conde-</strong></span> 
     </span>
     <span class='ocr_line' id='line_1_21' title="bbox 257 2836 1319 2936; baseline 0.001 -27"><span class='ocrx_word' id='word_1_129' title='bbox 257 2848 386 2910; x_wconf 63' lang='lat' dir='ltr'><strong>coretai</strong></span> <span class='ocrx_word' id='word_1_130' title='bbox 417 2836 483 2910; x_wconf 90' lang='lat' dir='ltr'><strong>llis</strong></span> <span class='ocrx_word' id='word_1_131' title='bbox 508 2864 592 2918; x_wconf 84' lang='lat' dir='ltr'><strong>vero</strong></span> <span class='ocrx_word' id='word_1_132' title='bbox 620 2841 716 2912; x_wconf 92' lang='lat' dir='ltr'><strong>dicto</strong></span> <span class='ocrx_word' id='word_1_133' title='bbox 742 2841 885 2916; x_wconf 83' lang='lat' dir='ltr'><strong>nomine</strong></span> <span class='ocrx_word' id='word_1_134' title='bbox 910 2838 1108 2912; x_wconf 84' lang='lat' dir='ltr'><strong>carentibus</strong></span> <span class='ocrx_word' id='word_1_135' title='bbox 1135 2861 1199 2927; x_wconf 79' lang='lat' dir='ltr'><strong>en,</strong></span> <span class='ocrx_word' id='word_1_136' title='bbox 1227 2861 1319 2936; x_wconf 92' lang='lat' dir='ltr'><strong>quae</strong></span> 
     </span>
     <span class='ocr_line' id='line_1_22' title="bbox 258 2942 1043 3049; baseline -0.003 -19"><span class='ocrx_word' id='word_1_137' title='bbox 258 2958 296 3030; x_wconf 92' lang='lat' dir='ltr'><strong>in</strong></span> <span class='ocrx_word' id='word_1_138' title='bbox 323 2956 523 3030; x_wconf 85' lang='lat' dir='ltr'><strong>commercii</strong></span> <span class='ocrx_word' id='word_1_139' title='bbox 550 2984 612 3034; x_wconf 87' lang='lat' dir='ltr'><strong>usu</strong></span> <span class='ocrx_word' id='word_1_140' title='bbox 639 2958 813 3049; x_wconf 80' lang='lat' dir='ltr'><strong>obtinent,</strong></span> <span class='ocrx_word' id='word_1_141' title='bbox 842 2942 1043 3033; x_wconf 61' lang='lat' dir='ltr'><strong>succedunt(</strong></span> 
     </span>
    </p>

    <p class='ocr_par' dir='ltr' id='par_1_6' title="bbox 248 3074 1409 4004">
     <span class='ocr_line' id='line_1_23' title="bbox 358 3074 1324 3178; baseline -0.004 -30"><span class='ocrx_word' id='word_1_142' title='bbox 358 3077 470 3150; x_wconf 89' lang='lat' dir='ltr'><strong>Porro</strong></span> <span class='ocrx_word' id='word_1_143' title='bbox 495 3079 533 3150; x_wconf 92' lang='lat' dir='ltr'><strong>in</strong></span> <span class='ocrx_word' id='word_1_144' title='bbox 557 3077 790 3176; x_wconf 78' lang='lat' dir='ltr'><strong>simplicibus</strong></span> <span class='ocrx_word' id='word_1_145' title='bbox 806 3075 1015 3178; x_wconf 87' lang='lat' dir='ltr'><strong>colligendis</strong></span> <span class='ocrx_word' id='word_1_146' title='bbox 1028 3103 1095 3149; x_wconf 90' lang='lat' dir='ltr'><strong>uon</strong></span> <span class='ocrx_word' id='word_1_147' title='bbox 1111 3074 1224 3148; x_wconf 89' lang='lat' dir='ltr'><strong>solum</strong></span> <span class='ocrx_word' id='word_1_148' title='bbox 1242 3098 1324 3171; x_wconf 65' lang='lat' dir='ltr'><strong>pro÷</strong></span> 
     </span>
     <span class='ocr_line' id='line_1_24' title="bbox 255 3193 1323 3298; baseline -0.005 -30"><span class='ocrx_word' id='word_1_149' title='bbox 255 3193 372 3268; x_wconf 88' lang='lat' dir='ltr'><strong>visum</strong></span> <span class='ocrx_word' id='word_1_150' title='bbox 391 3209 457 3286; x_wconf 82' lang='lat' dir='ltr'><strong>est,</strong></span> <span class='ocrx_word' id='word_1_151' title='bbox 474 3210 513 3271; x_wconf 90' lang='lat' dir='ltr'><strong>ut</strong></span> <span class='ocrx_word' id='word_1_152' title='bbox 524 3223 604 3270; x_wconf 86' lang='lat' dir='ltr'><strong>vera</strong></span> <span class='ocrx_word' id='word_1_153' title='bbox 616 3198 869 3298; x_wconf 83' lang='lat' dir='ltr'><strong>selectioraque</strong></span> <span class='ocrx_word' id='word_1_154' title='bbox 886 3195 1109 3284; x_wconf 87' lang='lat' dir='ltr'><strong>haberentur,</strong></span> <span class='ocrx_word' id='word_1_155' title='bbox 1126 3193 1187 3264; x_wconf 90' lang='lat' dir='ltr'><strong>sed</strong></span> <span class='ocrx_word' id='word_1_156' title='bbox 1213 3195 1323 3265; x_wconf 90' lang='lat' dir='ltr'><strong>etiam</strong></span> 
     </span>
     <span class='ocr_line' id='line_1_25' title="bbox 253 3307 1322 3401; baseline -0.007 -13"><span class='ocrx_word' id='word_1_157' title='bbox 253 3311 351 3401; x_wconf 83' lang='lat' dir='ltr'><strong>vilia,</strong></span> <span class='ocrx_word' id='word_1_158' title='bbox 380 3327 415 3385; x_wconf 90' lang='lat' dir='ltr'><strong>et</strong></span> <span class='ocrx_word' id='word_1_159' title='bbox 440 3314 498 3387; x_wconf 92' lang='lat' dir='ltr'><strong>illn</strong></span> <span class='ocrx_word' id='word_1_160' title='bbox 516 3329 575 3388; x_wconf 90' lang='lat' dir='ltr'><strong>aut</strong></span> <span class='ocrx_word' id='word_1_161' title='bbox 600 3319 722 3392; x_wconf 79' lang='lat' dir='ltr'><strong>vitiose</strong></span> <span class='ocrx_word' id='word_1_162' title='bbox 736 3315 957 3400; x_wconf 82' lang='lat' dir='ltr'><strong>autlectitia3</strong></span> <span class='ocrx_word' id='word_1_163' title='bbox 976 3325 1014 3386; x_wconf 90' lang='lat' dir='ltr'><strong>ut</strong></span> <span class='ocrx_word' id='word_1_164' title='bbox 1031 3311 1222 3385; x_wconf 89' lang='lat' dir='ltr'><strong>eorundem</strong></span> <span class='ocrx_word' id='word_1_165' title='bbox 1248 3307 1322 3382; x_wconf 89' lang='lat' dir='ltr'><strong>col·</strong></span> 
     </span>
     <span class='ocr_line' id='line_1_26' title="bbox 253 3427 1323 3532; baseline 0 -30"><span class='ocrx_word' id='word_1_166' title='bbox 253 3427 384 3502; x_wconf 90' lang='lat' dir='ltr'><strong>latione</strong></span> <span class='ocrx_word' id='word_1_167' title='bbox 409 3433 520 3506; x_wconf 83' lang='lat' dir='ltr'><strong>discat</strong></span> <span class='ocrx_word' id='word_1_168' title='bbox 545 3434 741 3508; x_wconf 82' lang='lat' dir='ltr'><strong>canditatus</strong></span> <span class='ocrx_word' id='word_1_169' title='bbox 769 3487 780 3523; x_wconf 89' lang='lat'>‚</span> <span class='ocrx_word' id='word_1_170' title='bbox 808 3431 975 3532; x_wconf 84' lang='lat' dir='ltr'><strong>quidnam</strong></span> <span class='ocrx_word' id='word_1_171' title='bbox 1002 3432 1107 3504; x_wconf 91' lang='lat' dir='ltr'><strong>sitin</strong></span> <span class='ocrx_word' id='word_1_172' title='bbox 1149 3428 1323 3504; x_wconf 87' lang='lat' dir='ltr'><strong>medicina</strong></span> 
     </span>
     <span class='ocr_line' id='line_1_27' title="bbox 256 3551 1322 3653; baseline -0.003 -31"><span class='ocrx_word' id='word_1_173' title='bbox 256 3551 469 3653; x_wconf 84' lang='lat' dir='ltr'><strong>optandum,</strong></span> <span class='ocrx_word' id='word_1_174' title='bbox 496 3553 628 3651; x_wconf 91' lang='lat' dir='ltr'><strong>quidve</strong></span> <span class='ocrx_word' id='word_1_175' title='bbox 654 3552 912 3652; x_wconf 85' lang='lat' dir='ltr'><strong>rejiciendum·</strong></span> <span class='ocrx_word' id='word_1_176' title='bbox 941 3552 1114 3648; x_wconf 88' lang='lat' dir='ltr'><strong>Stirpium</strong></span> <span class='ocrx_word' id='word_1_177' title='bbox 1132 3574 1215 3622; x_wconf 90' lang='lat' dir='ltr'><strong>vero</strong></span> <span class='ocrx_word' id='word_1_178' title='bbox 1243 3574 1322 3647; x_wconf 93' lang='lat' dir='ltr'><strong>par·</strong></span> 
     </span>
     <span class='ocr_line' id='line_1_28' title="bbox 253 3655 1319 3772; baseline -0.004 -30"><span class='ocrx_word' id='word_1_179' title='bbox 253 3683 331 3761; x_wconf 80' lang='lat' dir='ltr'><strong>tes,</strong></span> <span class='ocrx_word' id='word_1_180' title='bbox 359 3698 509 3772; x_wconf 85' lang='lat' dir='ltr'><strong>quarum</strong></span> <span class='ocrx_word' id='word_1_181' title='bbox 534 3698 662 3772; x_wconf 85' lang='lat' dir='ltr'><strong>auceps</strong></span> <span class='ocrx_word' id='word_1_182' title='bbox 705 3698 865 3762; x_wconf 87' lang='lat' dir='ltr'><strong>nomen,</strong></span> <span class='ocrx_word' id='word_1_183' title='bbox 894 3683 952 3742; x_wconf 91' lang='lat' dir='ltr'><strong>aut</strong></span> <span class='ocrx_word' id='word_1_184' title='bbox 980 3669 1127 3740; x_wconf 83' lang='lat' dir='ltr'><strong>affinitas</strong></span> <span class='ocrx_word' id='word_1_185' title='bbox 1170 3655 1319 3744; x_wconf 74' lang='lat' dir='ltr'><strong>curulis</strong></span> 
     </span>
     <span class='ocr_line' id='line_1_29' title="bbox 248 3789 1317 3886; baseline -0.007 -23"><span class='ocrx_word' id='word_1_186' title='bbox 248 3791 449 3864; x_wconf 82' lang='lat' dir='ltr'><strong>medicinae</strong></span> <span class='ocrx_word' id='word_1_187' title='bbox 473 3793 742 3865; x_wconf 84' lang='lat' dir='ltr'><strong>inservientibus</strong></span> <span class='ocrx_word' id='word_1_188' title='bbox 771 3792 1014 3866; x_wconf 84' lang='lat' dir='ltr'><strong>confusionem</strong></span> <span class='ocrx_word' id='word_1_189' title='bbox 1051 3789 1202 3886; x_wconf 85' lang='lat' dir='ltr'><strong>gignere</strong></span> <span class='ocrx_word' id='word_1_190' title='bbox 1239 3809 1317 3883; x_wconf 93' lang='lat' dir='ltr'><strong>pos-</strong></span> 
     </span>
     <span class='ocr_line' id='line_1_30' title="bbox 252 3907 1409 4004; baseline -0.01 -20"><span class='ocrx_word' id='word_1_191' title='bbox 252 3927 358 4004; x_wconf 83' lang='lat' dir='ltr'><strong>sent,</strong></span> <span class='ocrx_word' id='word_1_192' title='bbox 387 3914 422 3984; x_wconf 88' lang='lat' dir='ltr'><strong>in</strong></span> <span class='ocrx_word' id='word_1_193' title='bbox 450 3908 574 3984; x_wconf 88' lang='lat' dir='ltr'><strong>eadem</strong></span> <span class='ocrx_word' id='word_1_194' title='bbox 603 3910 692 3984; x_wconf 91' lang='lat' dir='ltr'><strong>serie</strong></span> <span class='ocrx_word' id='word_1_195' title='bbox 719 3924 797 3984; x_wconf 91' lang='lat' dir='ltr'><strong>suut</strong></span> <span class='ocrx_word' id='word_1_196' title='bbox 824 3907 988 3998; x_wconf 88' lang='lat' dir='ltr'><strong>locatae;</strong></span> <span class='ocrx_word' id='word_1_197' title='bbox 1017 3930 1157 4002; x_wconf 89' lang='lat' dir='ltr'><strong>semper</strong></span> <span class='ocrx_word' id='word_1_198' title='bbox 1199 3916 1317 3976; x_wconf 87' lang='lat' dir='ltr'><strong>tamen</strong></span> <span class='ocrx_word' id='word_1_199' title='bbox 1408 3981 1409 3990; x_wconf 8' lang='grc' dir='ltr'>χ</span> 
     </span>
    </p>
   </div>
   <div class='ocr_carea' id='block_1_5' title="bbox 250 4021 1318 4141">
    <p class='ocr_par' dir='ltr' id='par_1_7' title="bbox 250 4021 1318 4141">
     <span class='ocr_line' id='line_1_31' title="bbox 250 4021 1318 4141; baseline -0.007 -37"><span class='ocrx_word' id='word_1_200' title='bbox 250 4055 343 4141; x_wconf 79' lang='lat' dir='ltr'><strong>pone</strong></span> <span class='ocrx_word' id='word_1_201' title='bbox 369 4030 587 4134; x_wconf 76' lang='lat' dir='ltr'><strong>officinales,</strong></span> <span class='ocrx_word' id='word_1_202' title='bbox 613 4057 696 4106; x_wconf 87' lang='lat' dir='ltr'><strong>cum</strong></span> <span class='ocrx_word' id='word_1_203' title='bbox 723 4031 850 4135; x_wconf 88' lang='lat' dir='ltr'><strong>quibus</strong></span> <span class='ocrx_word' id='word_1_204' title='bbox 875 4029 924 4104; x_wconf 88' lang='lat' dir='ltr'><strong>eis</strong></span> <span class='ocrx_word' id='word_1_205' title='bbox 963 4038 1016 4102; x_wconf 82' lang='lat' dir='ltr'><strong>est</strong></span> <span class='ocrx_word' id='word_1_206' title='bbox 1042 4021 1231 4124; x_wconf 75' lang='lat' dir='ltr'><strong>analogia3</strong></span> <span class='ocrx_word' id='word_1_207' title='bbox 1272 4043 1318 4096; x_wconf 82' lang='lat' dir='ltr'><strong>ne</strong></span> 
     </span>
    </p>
   </div>
   <div class='ocr_carea' id='block_1_6' title="bbox 1405 1130 1421 2355">
    <p class='ocr_par' dir='ltr' id='par_1_8' title="bbox 1405 1130 1421 2355">
     <span class='ocr_line' id='line_1_32' title="bbox 1405 1130 1421 2355; baseline 0 0"><span class='ocrx_word' id='word_1_208' title='bbox 1405 1130 1421 2355; x_wconf 95' lang='lat' dir='ltr'><strong> </strong></span> 
     </span>
    </p>
   </div>
   <div class='ocr_carea' id='block_1_7' title="bbox 0 0 1418 4770">
    <p class='ocr_par' dir='ltr' id='par_1_9' title="bbox 0 0 1418 4770">
     <span class='ocr_line' id='line_1_33' title="bbox 0 0 1418 4770; baseline 0 6"><span class='ocrx_word' id='word_1_209' title='bbox 0 0 1418 4770; x_wconf 95' lang='lat' dir='ltr'><strong> </strong></span> 
     </span>
    </p>
   </div>
  </div>
 </body>
</html>
