2828 4770
557 411 653 502 (s)

84 607 138 682 bio
161 616 254 680 esset
280 602 299 702 )
329 655 343 695 ,
384 597 469 678 binc
493 627 617 680 veram
643 599 972 678 denominationem
1012 605 1147 704 planta·

82 749 156 798 rum
180 718 395 796 substantias
422 732 483 794 aut
507 693 623 818 pa'rtes
649 719 923 818 exprimentem,
938 745 1000 822 per
1023 747 1146 821 paren·

84 839 195 914 tbeses
220 841 448 938 sejunctam,
477 838 527 910 eis
548 835 740 910 adnectere
766 839 892 936 sategi.

183 955 288 1030 Hisce
317 979 403 1030 vero
438 957 511 1054 jann
536 955 719 1030 recensitis
760 956 947 1030 vocabulis
985 955 1141 1032 officina·

89 1073 178 1148 libas
201 1074 322 1150 addidi
350 1079 455 1152 etiam
483 1101 608 1152 eorum
633 1099 831 1176 synonyma
860 1077 952 1176 typis
979 1075 1134 1178 obliquis

92 1190 272 1283 distincta,
300 1208 337 1266 et
362 1193 505 1294 proprio
530 1191 646 1267 studio
672 1191 842 1266 collecto:
871 1219 951 1266 cum
979 1192 1024 1266 ad
1051 1194 1141 1272 bane

88 1335 159 1384 rem
184 1312 295 1386 varias
311 1310 609 1413 pbarunaeopneas
625 1339 665 1386 ac
683 1327 842 1384 auctores
858 1311 1109 1389 consuluissem
1126 1341 1138 1404 ;
1182 1313 1189 1332 '

86 1441 123 1499 ut
147 1427 309 1527 patefiat,
337 1453 425 1530 qnae
467 1433 512 1502 sit
537 1455 577 1502 ca
603 1431 794 1506 substantia
820 1444 874 1504 tot
898 1429 1044 1504 vocibus
1087 1433 1135 1508 si·

89 1547 261 1645 gnificata.
288 1547 452 1623 Eandem
477 1547 688 1624 methodum
724 1549 851 1622 retinui
877 1550 913 1620 in
942 1546 1140 1646 plantarum

15 1681 18 1688 '
89 1665 286 1738 nominibus
311 1667 479 1742 botanicis
517 1667 738 1759 indicandis,
782 1667 975 1766 praemisso
1017 1683 1137 1742 tamen

92 1780 154 1852 illo
181 1808 200 1854 a
223 1785 376 1859 Linnaeo
403 1787 535 1874 inditq‘,
563 1812 635 1889 quo
660 1785 749 1860 nibil
782 1785 1002 1888 frequentius
1041 1787 1136 1889 apud

96 1899 252 1976 Materiae
296 1903 456 1980 medicae
504 1919 540 1978 et
584 1905 889 2006 pharmaceuticae
933 1909 1134 2008 scriptores.

92 2017 287 2118 Specierum
330 2039 484 2114 autem,
526 2051 620 2127 quae
654 2027 749 2125 apud
786 2025 969 2098 laudatum
1013 2042 1134 2100 aucto·
1180 2074 1186 2092 ι

89 2159 162 2210 rem
198 2165 265 2214 nun
308 2143 535 2219 inveniuntur
565 2199 577 2235 ,
615 2145 863 2244 praebentium
907 2145 1012 2218 etiam
1052 2144 1136 2216 sub·

93 2258 224 2331 stantius
246 2261 496 2353 medicinales,
521 2264 829 2337 nomenclaturam
853 2287 871 2332 a
891 2260 938 2333 cl.
984 2261 1131 2334 Persou·

96 2373 152 2444 nio
175 2377 191 2474 (
214 2378 375 2480 Synops.
400 2383 574 2480 plantor.
602 2403 670 2455 seu
711 2376 979 2453 Encbirr'dium
1020 2377 1131 2452 botu-

93 2495 218 2586 nicom,
244 2499 384 2572 Parisiis
416 2499 523 2574 1805.
552 2500 598 2601 ),
625 2498 684 2574 uel
710 2497 755 2569 ab
793 2496 869 2568 nliis
904 2495 1139 2598 scriptoribus

89 2606 277 2718 deprompsi
299 2645 309 2706 ;
338 2633 443 2721 atque
469 2619 625 2721 idipsum
651 2615 795 2716 exsequi
821 2615 909 2690 mibi
934 2641 1038 2689 curae
1067 2614 1137 2688 fuir
1260 2693 1268 2703 ,

89 2723 127 2800 de
150 2731 372 2830 pharmacis,
400 2761 491 2836 quae
517 2738 683 2810 neoterici
723 2736 923 2808 docuerunt
965 2735 1084 2810 venire
1110 2761 1130 2808 a

91 2851 249 2952 stirpibus
275 2851 425 2928 diuersis
453 2857 497 2928 ab
523 2854 594 2928 illis
620 2881 682 2953 per
706 2856 905 2926 Linnaeum
945 2852 1076 2926 relatis.

177 2972 328 3072 Aliquos
354 2975 496 3073 insuper
522 2973 790 3062 adnotationes,
819 2972 881 3044 ubi
907 2995 943 3044 se
960 2969 1059 3042 dedit
1073 2997 1133 3044 oc·

89 3085 269 3178 oasio,·de
293 3089 463 3162 industria
489 3089 638 3164 insenius
664 3090 812 3186 subjeci,
840 3088 1007 3162 nonnulla
1032 3087 1139 3188 phar-

89 3225 174 3279 maca
200 3206 403 3280 illustrandi
426 3207 565 3312 gratia,
595 3223 653 3282 aut
678 3209 812 3308 aliquas
848 3208 1030 3310 plantasa
1071 3233 1135 3280 nn·
1218 3218 1220 3228 '

89 3326 158 3398 stris
185 3325 321 3399 utiliter
361 3327 506 3400 usitatos
534 3379 545 3416 ,
573 3341 607 3402 et
646 3326 803 3400 nondum
845 3329 884 3398 in
924 3324 1134 3426 pharmaco-

82 3465 178 3540 poeas
205 3444 451 3536 introductas3
481 3461 556 3519 tom
584 3469 669 3518 vero
697 3459 733 3516 ut
757 3469 1077 3517 commemorarem
1094 3469 1134 3516 eo

83 3561 267 3662 simplicia,
284 3564 419 3662 quaein
431 3561 581 3636 oslicinis
606 3577 813 3654 occurrunt,
830 3560 873 3633 de
891 3561 1021 3660 quibus
1037 3559 1133 3659 apud

84 3696 255 3766 auctores,
284 3683 379 3784 quod
406 3685 546 3772 sciam,
574 3682 683 3754 altum
725 3682 904 3754 silentium
931 3734 940 3751 .
968 3678 1043 3752 Nec
1069 3679 1131 3752 abs

82 3820 114 3868 re
139 3803 247 3874 etiam
274 3802 472 3876 existimavi
494 3798 739 3874 nonnullarum
757 3799 917 3896 stirpium
937 3809 1053 3896 partes
1070 3791 1132 3866 ad·

82 3929 225 4006 notare,
251 3945 340 4018 quae
367 3933 426 3992 aut
452 3919 616 4006 inscitia,
644 3932 706 3990 aaut
730 3913 812 3987 dolo
850 3927 1015 4014 tanquam
1058 3911 1132 3984 offi-

86 4034 210 4110 cinales
235 4063 255 4110 a
280 4040 409 4112 nostris
451 4035 622 4112 bechariis
668 4036 914 4124 venditantur5
957 4031 1142 4106 ita'tiurcs
