2828 4770
234 539 312 626 nisi
342 537 424 623 hoc
463 537 768 656 qualecumque
803 541 1063 658 opusculum
1096 544 1190 631 Tuo
1222 575 1294 632 no-

232 675 336 759 mini
369 674 611 761 dicaretur.
652 675 746 761 Hoc
778 681 887 762 euim
915 717 920 722 ·
936 699 1059 792 pacto
1091 711 1175 765 non
1198 657 1302 766 mo-¹

240 809 297 897 do
327 789 628 898 beneficiorum
661 813 850 902 Tuorum
884 819 1081 902 memoria
1129 819 1173 902 in
1204 821 1295 906 aui.
1410 805 1411 859 ὲ

232 981 305 1036 mo
337 977 432 1035 meo
488 952 658 1036 minime
688 949 906 1038 obliterata
947 951 1186 1063 videbitur,
1224 986 1294 1039 ue.
1410 903 1411 987 l

233 1117 328 1172 rum
375 1088 532 1192 etiam,
566 1111 767 1204 quantam
815 1120 957 1176 curam
988 1092 1031 1174 in
1063 1092 1286 1205 hujusrno·
1392 1100 1394 1104 ’

235 1221 278 1310 di
310 1225 459 1310 cimelii
489 1230 832 1335 incrementum,
882 1248 922 1310 et
965 1249 1155 1312 ornatum
1198 1233 1306 1344 ipse·
1375 1309 1377 1314 ,

227 1363 469 1470 contuleris,
488 1389 686 1480 perpetua
703 1362 988 1451 recordatione
1010 1361 1065 1450 ad
1095 1387 1283 1478 posteros

232 1501 485 1588 traducetur.

350 1640 410 1728 Re
443 1675 539 1727 sane
581 1673 674 1733 vera
723 1640 820 1725 Tibi
852 1642 1152 1756 sapientissimo
1199 1642 1288 1724 viro

226 1781 297 1868 vir
326 1782 516 1898 publicae
559 1781 839 1866 instructionis
873 1781 1056 1890 regimini
1089 1799 1283 1882 statum,

225 1949 344 2004 naeus
395 1940 556 2030 pater,
604 1917 678 2032 qui
725 1916 913 2029 pluribus
969 1913 1120 1998 abhinc
1167 1917 1286 1996 annis

227 2057 330 2140 huic
348 2054 494 2140 Museo
513 2085 679 2170 operam
697 2085 848 2140 navare
880 2069 1060 2166 ceperat,
1078 2078 1165 2164 quo
1198 2079 1291 2133 me·

229 2193 345 2279 dicae
378 2197 455 2279 arti
474 2197 701 2303 inserviret,
728 2192 934 2276 multain
965 2220 1015 2272 eo
1043 2185 1287 2293 desiderari,

227 2356 275 2441 ut
300 2335 413 2418 bouo
444 2335 485 2418 in
527 2354 741 2446 posterum
769 2330 862 2412 usui
908 2327 1045 2422 soret,
1078 2326 1286 2439 exposuit,

226 2469 389 2587 Teque,
422 2491 468 2551 ut
498 2470 595 2552 huic
625 2468 791 2581 inopiae
822 2463 990 2545 obviam
1016 2461 1110 2564 ires,
1144 2489 1289 2570 preca·

222 2631 291 2694 tus
333 2630 397 2692 est
431 2670 441 2692 .
476 2606 570 2688 Tuo
603 2627 691 2686 tum
724 2597 923 2718 judicie,
955 2614 1156 2710 quantam
1204 2592 1288 2675 uti·

139 2803 142 2808 -
222 2747 384 2832 litatem
415 2774 478 2828 res
509 2772 605 2856 prae
651 2769 693 2824 se
725 2741 875 2843 terret,
908 2728 1175 2850 expendens,
1203 2758 1291 2814 non

224 2882 357 2971 modo
398 2911 494 2966 suae
532 2879 756 2963 sententiae
788 2872 1037 2989 adhaesisti,
1068 2897 1213 2953 verum
1247 2898 1293 2952 e·

226 3025 326 3106 tiam
357 3047 433 3132 pro
464 3038 535 3100 tna
582 3013 871 3119 humanitate,
911 3031 952 3092 et
988 3003 1148 3122 publici
1189 3003 1293 3086 boni

135 3255 137 3258 ,
229 3157 367 3246 studio
392 3218 405 3263 ,
438 3150 543 3237 illud
575 3181 681 3266 opus
713 3143 957 3236 absolvendi
981 3173 1123 3228 curam
1146 3142 1183 3222 ei
1199 3169 1294 3224 cre-r

231 3295 408 3382 didisti.
442 3293 553 3378 Hine
586 3281 721 3375 eidem
766 3319 840 3405 per
882 3281 943 3366 Te
982 3279 1076 3367 data
1121 3277 1293 3402 facultas

235 3455 328 3542 est,
358 3451 407 3514 ut
459 3432 576 3514 locus
603 3451 661 3513 »et
715 3429 833 3510 novis
874 3419 1060 3504 auctibus
1103 3433 1287 3532 pateret,

233 3595 275 3660 et
320 3569 373 3656 ad
419 3569 634 3655 meliorem
690 3565 1070 3680 elegantioremque
1116 3555 1293 3638 formam

233 3695 391 3798 ueniret
430 3777 440 3797 .
475 3709 616 3830 Nullis
636 3728 785 3824 ,autern
830 3703 898 3788 Tu
931 3696 1167 3812 sumptibus
1197 3717 1295 3804 par·

157 3958 159 3963 ,
237 3883 361 3960 cens,
380 3851 434 3937 ad
452 3856 588 3966 ipsum
602 3838 948 3960 locupletandum
973 3835 1206 3945 omnigenis·
1231 3857 1296 3912 res

230 3991 312 4080 hus
343 3993 452 4076 hanc
484 3989 695 4075 scientiam
726 3979 1010 4100 spectantibus
1043 3971 1131 4062 dur
1162 3987 1295 4086 atque
