2828 4770
595 411 712 499 (¹¹)

105 621 278 674 erroneae
304 621 375 697 pro
400 598 493 674 veris
516 601 747 702 accipiantur,
762 601 862 705 quod
877 603 969 679 tristi
997 611 1181 708 experien-

102 718 150 790 tia
175 718 389 820 frequenter
413 719 489 790 fieri
516 722 767 818 comperimus.

205 835 318 910 Idem
346 841 455 912 etiam
479 839 516 909 in
541 839 714 912 siccarum
739 839 939 938 plantarum
980 847 1171 944 partitione

103 953 339 1027 observatum
365 966 446 1044 cst;
474 980 656 1056 namquo
682 953 817 1029 facilior
844 957 943 1032 lieret
982 962 1175 1060 juvenibus

108 1099 144 1147 se
167 1073 371 1147 Medicinae
396 1099 436 1144 ac
462 1070 692 1147 Pharmaciae
734 1073 851 1148 studio
885 1082 1167 1180 mancipantibus

27 1248 31 1255 ,
106 1193 272 1292 stirpium
314 1187 544 1265 officinalium
585 1193 777 1264 necessaria
805 1192 965 1284 notitia,
1005 1195 1168 1293 pharma-

105 1336 229 1386 corum
257 1333 383 1385 census
410 1320 533 1382 auctus
577 1304 645 1380 fuit
670 1308 927 1387 absolutissimo
971 1313 1170 1406 lrcrbario,

102 1427 250 1504 Florae
275 1430 450 1503 medicae
490 1430 667 1520 nomine,
693 1431 790 1527 juxta
826 1431 1005 1504 sesualem
1034 1431 1171 1506 metho-

105 1546 194 1621 dum
217 1551 461 1622 Liunacauam
483 1545 647 1638 tribut03
675 1547 933 1646 complectente
973 1564 1011 1624 ct
1034 1549 1173 1650 plantas

109 1669 304 1742 officinales
326 1665 536 1766 indigenas,
564 1680 601 1737 et
629 1666 782 1738 exoticas
806 1667 842 1739 iu
887 1670 1016 1742 uostris
1060 1667 1171 1742 bortis

111 1789 233 1862 cultas.
260 1786 353 1858 Inter
369 1784 433 1858 has
458 1786 564 1857 etiam
592 1783 817 1857 inveniuntur
841 1799 918 1860 tum
936 1785 1169 1880 delatoriae,

110 1922 186 1981 tum
211 1907 458 1990 esculentae,
483 1929 568 1977 cum
590 1901 772 1976 medicum
798 1929 869 1978 non
900 1907 1014 1981 solum
1043 1911 1165 2003 scire,

107 2051 196 2134 quae
217 2025 365 2124 prosint,
393 2021 455 2096 sed
481 2045 569 2122 quae
587 2038 751 2113 noceant,
769 2021 909 2112 decent3
938 2025 1034 2124 quod
1059 2051 1163 2124 prac-

111 2145 229 2216 sertim
253 2143 298 2218 de
324 2144 511 2244 postremis
537 2138 731 2216 dicendum
758 2156 984 2241 aegrotorum
1029 2145 1166 2216 dinetus

115 2262 403 2353 inservientibus,
429 2287 513 2335 curu
540 2261 695 2362 ignorari
722 2276 874 2362 nequeat
902 2315 913 2350 ,
943 2287 1050 2360 quam
1081 2261 1166 2336 baec

117 2405 191 2486 pars
214 2381 259 2454 eit
282 2385 370 2454 scitu
396 2381 592 2454 necessaria
617 2383 693 2472 iis,
720 2383 779 2480 qui
822 2393 933 2452 artem
974 2377 1166 2452 salutarem

111 2513 202 2570 recte
225 2499 386 2599 profiteri
412 2497 547 2572 volunt.
573 2497 667 2570 Hinc
695 2523 764 2570 non
791 2499 866 2570 sinc
893 2521 1013 2572 caussa
1039 2495 1167 2568 nierito

106 2609 169 2688 luit
193 2616 421 2706 consultum,
447 2629 488 2688 ut
514 2615 548 2688 iu
574 2616 795 2716 singulorum
811 2611 1080 2711 pharmacorum
1108 2610 1165 2684 bi-

106 2735 204 2806 sturia
229 2747 395 2806 noscatur
420 2732 569 2835 planta,
599 2757 618 2804 e
643 2758 711 2831 qua
754 2731 894 2804 elicitur
928 2755 968 2802 ca
1012 2730 1165 2802 uredici-

103 2851 184 2925 ualis
210 2879 307 2952 pars.
337 2849 420 2922 lllas
446 2875 549 2949 porro
574 2851 731 2950 stirpes,
759 2871 849 2948 quae
875 2845 971 2918 nullo
999 2861 1100 2946 pacto
1128 2847 1163 2920 iu

104 2973 227 3042 uostris
252 2969 354 3042 terris
395 2971 514 3044 venire
556 2981 729 3068 possunt,
760 2983 796 3039 et
838 2993 988 3067 quarum
1028 2965 1165 3064 aliquae

104 3107 215 3194 partes
240 3089 277 3158 in
304 3087 579 3160 medicaminum
607 3088 708 3188 copia
735 3085 779 3156 ab
807 3086 984 3159 extremis
1022 3084 1092 3158 oris
1118 3083 1163 3158 ad

104 3223 160 3274 nos
192 3203 412 3296 adveniunt,
444 3233 486 3278 ue
512 3207 599 3305 quid
625 3210 660 3280 iu
687 3231 815 3281 ¹earum
859 3205 1025 3278 historiae
1069 3207 1162 3278 uoti·

100 3319 144 3394 tia
187 3319 475 3414 desideraretur,
515 3351 585 3396 nou
628 3325 690 3399 abs
731 3351 769 3397 re
810 3325 1117 3396 sum'arbitratus
1151 3377 1162 3412 ,

98 3439 229 3544 partim
265 3439 395 3512 vividis
433 3441 609 3515 coloribus
650 3444 686 3514 iu
727 3441 857 3514 tabulis
892 3439 1034 3529 lucari,
1079 3465 1160 3537 par-

98 3560 161 3631 tim
204 3584 284 3631 cera
311 3559 456 3663 effingi,
491 3589 579 3666 quae
603 3563 754 3638 vasculis
781 3563 903 3649 vitreis
945 3573 1160 3650 serventur,

100 3687 132 3745 et
175 3679 376 3780 onaclyptis
402 3705 509 3752 aeneo
552 3706 708 3782 auroque
745 3679 864 3752 colore
905 3680 1011 3754 variis
1053 3702 1160 3774 super

98 3795 281 3896 stylobatis
307 3802 394 3871 sitae
420 3797 502 3891 siut,
533 3825 621 3900 quos
661 3801 834 3870 alternare
873 3824 956 3870 crim
999 3796 1159 3868 armariis

96 3912 239 3990 libitum
265 3933 338 3991 est:
367 3921 405 3991 in
431 3945 582 4020 quorum
599 3916 718 3990 medio
747 3917 793 3991 cl.
818 3919 912 4008 Viri,
928 3928 1063 3990 nostrae
1099 3943 1160 4016 pa·

99 4036 184 4112 triae
208 4033 363 4132 decoris,
387 4036 526 4117 hermes
553 4037 737 4140 erigendus
762 4035 845 4130 erit,
871 4035 916 4112 ad
929 4035 1027 4135 cujus
1064 4033 1168 4112 husin
