2828 4770
589 453 683 544 (5)

101 555 294 642 hortator
325 555 474 666 suisti,
522 593 610 676 quo
641 565 744 651 nibil
793 591 932 664 tantae
977 579 1170 670 medicae

101 688 351 806 disciplinae
380 695 486 810 parti
518 696 702 788 deesset:
736 703 831 793 Tuo
871 717 1061 828 suffragio
1094 716 1168 804 de·

104 859 233 938 mum,
263 829 394 944 Regia
426 857 633 948 potestate
663 844 859 958 probato,
892 853 1162 956 estfactum,

107 985 155 1080 nt
180 973 335 1080 paterni
373 968 543 1081 laboris,
577 982 843 1100 mulierisque
861 1019 935 1102 ego
969 986 1158 1105 Arljutor

113 1128 345 1217 cooptarer,
379 1116 616 1224 praesertim
648 1119 688 1201 in
721 1119 804 1204 hoc
846 1125 938 1240 ipso
978 1146 1158 1233 natatum>

105 1243 322 1355 exarando,
353 1278 481 1364 quern
498 1251 591 1335 Tno
616 1253 795 1342 Nomine
824 1261 1152 1376 praefulgentem

108 1411 224 1464 nemo
256 1416 338 1468 non
374 1387 705 1478 commendabit.

220 1518 330 1606 Cum
361 1555 486 1637 porro
517 1557 623 1641 qnae
654 1561 747 1644 pars
769 1537 1011 1646 vegetabilis
1036 1569 1155 1622 com·

103 1649 292 1762 plectitur
338 1659 482 1772 (nom
516 1661 571 1748 de
612 1668 857 1754 animalibus
890 1705 938 1756 ac
973 1675 1155 1758 minera-

106 1787 210 1875 libns
239 1795 316 1880 alio
347 1799 441 1884 loco
472 1801 511 1914 )‚
543 1807 623 1918 jam
657 1802 712 1889 ad
742 1840 913 1894 manum
944 1813 1013 1917 sit,
1047 1815 1155 1896 hanc

108 1931 201 2012 mibi
228 1932 348 2020 libuit
379 1959 573 2056 tanquam
591 1947 630 2026 iu
664 1966 920 2033 antecessum
939 1949 1149 2058 exhibere,

102 2097 147 2150 ac
178 2072 297 2156 veluti
331 2077 546 2193 quandam
579 2083 815 2194 symbolam
835 2084 958 2194 idere,
992 2109 1148 2171 utmo-

103 2201 180 2313 do,
208 2211 258 2294 cl.
279 2213 375 2322 Vir,
393 2220 614 2332 experiaris
647 2240 785 2303 utrum
818 2225 897 2306 tuis
929 2226 1036 2308 votis
1084 2255 1151 2309 re·

106 2341 319 2453 spondeant
363 2353 405 2436 bi
439 2354 516 2436 mei
559 2355 736 2440 litterarii
769 2355 961 2469 labores3
1009 2361 1149 2475 quisi

101 2478 193 2590 quid
221 2487 369 2596 ingenii
401 2487 649 2599 ostendant,
683 2495 765 2578 hoc
798 2493 894 2578 Tibi
927 2493 1041 2582 laudi
1074 2517 1143 2578 to·

97 2634 176 2700 tum
208 2619 491 2737 vertendum,
525 2657 620 2711 curn
653 2625 707 2713 ad
739 2632 846 2715 banc
877 2661 962 2714 rem
1009 2661 1144 2743 aggre-

101 2750 285 2840 diendam
318 2762 421 2844 mibi
452 2764 688 2875 stimulum,
722 2799 769 2852 ac
801 2767 936 2853 calcar
967 2765 1146 2854 addide-

17 2923 19 2928 ’
95 2892 157 2978 ris.
191 2893 338 3013 ltaque
369 2902 403 2984 si
434 2895 538 3014 quid
569 2905 640 2987 otii
674 2934 697 2988 a
728 2907 813 2987 ruis
856 2906 1051 3016 gravibus
1069 2936 1144 2988 cu-

88 3012 133 3112 ‘ris
162 3031 260 3116 Tibi
292 3037 486 3149 supersit,
508 3060 646 3124 mente
677 3039 894 3157 oculisque
924 3069 1138 3152 percurras

94 3195 154 3250 oro
193 3191 322 3286 atque
353 3170 570 3282 obtestor,
618 3171 827 3291 quidquid
865 3173 1050 3286 indigeni
1091 3207 1140 3260 ac

88 3309 228 3390 exotici
260 3308 328 3392 vel
344 3313 506 3396 rarioris
539 3311 590 3396 ad
608 3345 692 3397 rem
712 3311 914 3397 medicam
932 3315 1143 3428 pertinens

86 3445 121 3526 io
152 3447 234 3532 hoc
265 3445 411 3544 Museo
433 3453 698 3560 continetur,
734 3473 775 3536 et
821 3473 909 3536 tum
942 3454 1139 3565 parentia,

86 3601 169 3666 tum
202 3585 287 3666 nati
320 3608 489 3672 mutuos
520 3587 684 3672 labores
717 3586 919 3699 benigue,
953 3591 1014 3670 uti
1046 3609 1142 3670 taus

84 3742 138 3800 est
155 3753 276 3832 mos,
310 3728 523 3840 excipiaS‚
559 3725 657 3827 sl'ibi
711 3727 853 3814 multis
901 3725 1144 3810 nominibus

81 3852 268 3972 dehit0s3
301 3885 348 3944 ut
380 3867 502 3949 sicuti
534 3887 668 3948 totum
692 3867 773 3949 hoc
805 3864 1056 3978 opusculum
1079 3867 1174 3962 tui¹

75 3985 273 4114 jurisest,
307 4005 363 4087 ita
395 4035 568 4123 qunque
601 4005 682 4091 mei
716 4005 853 4090 cultus
885 4007 929 4088 in
959 4003 1019 4088 Te
1054 4033 1141 4088 cet·
